@article{bulling2014tutorial,
  title={A tutorial on human activity recognition using body-worn inertial sensors},
  author={Bulling, Andreas and Blanke, Ulf and Schiele, Bernt},
  journal={ACM Computing Surveys (CSUR)},
  volume={46},
  number={3},
  pages={33},
  year={2014},
  publisher={ACM}
}

@misc{dehghani2019subject,
    title={Subject Cross Validation in Human Activity Recognition},
    author={Akbar Dehghani and Tristan Glatard and Emad Shihab},
    year={2019},
    eprint={1904.02666},
    archivePrefix={arXiv},
    primaryClass={cs.LG}
}


@article{lara2013survey,
  title={A survey on human activity recognition using wearable sensors.},
  author={Lara, Oscar D and Labrador, Miguel A and others},
  journal={IEEE Communications Surveys and Tutorials},
  volume={15},
  number={3},
  pages={1192--1209},
  year={2013}
}

@article{najafi2003ambulatory,
  title={Ambulatory system for human motion analysis using a kinematic sensor: monitoring of daily physical activity in the elderly},
  author={Najafi, Bijan and Aminian, Kamiar and Paraschiv-Ionescu, Anisoara and Loew, Fran{\c{c}}ois and Bula, Christophe J and Robert, Philippe},
  journal={IEEE Transactions on biomedical Engineering},
  volume={50},
  number={6},
  pages={711--723},
  year={2003},
  publisher={IEEE}
}

@article{selles2005automated,
  title={Automated estimation of initial and terminal contact timing using accelerometers; development and validation in transtibial amputees and controls},
  author={Selles, Ruud W and Formanoy, Margriet AG and Bussmann, Johannes BJ and Janssens, Peter J and Stam, Henk J},
  journal={IEEE transactions on neural systems and rehabilitation engineering},
  volume={13},
  number={1},
  pages={81--88},
  year={2005},
  publisher={IEEE}
}


@inproceedings{banos2012benchmark,
  title={A benchmark dataset to evaluate sensor displacement in activity recognition},
  author={Ba{\~n}os, Oresti and Damas, Miguel and Pomares, H{\'e}ctor and Rojas, Ignacio and T{\'o}th, M{\'a}t{\'e} Attila and Amft, Oliver},
  booktitle={Proceedings of the 2012 ACM Conference on Ubiquitous Computing},
  pages={1026--1035},
  year={2012},
  organization={ACM}
}

@article{pedregosa2011scikit,
  title={Scikit-learn: Machine learning in Python},
  author={Pedregosa, Fabian and Varoquaux, Ga{\"e}l and Gramfort, Alexandre and Michel, Vincent and Thirion, Bertrand and Grisel, Olivier and Blondel, Mathieu and Prettenhofer, Peter and Weiss, Ron and Dubourg, Vincent and others},
  journal={Journal of machine learning research},
  volume={12},
  number={Oct},
  pages={2825--2830},
  year={2011}
}


@inproceedings{morris2014recofit,
  title={RecoFit: using a wearable sensor to find, recognize, and count repetitive exercises},
  author={Morris, Dan and Saponas, T Scott and Guillory, Andrew and Kelner, Ilya},
  booktitle={Proceedings of the SIGCHI Conference on Human Factors in Computing Systems},
  pages={3225--3234},
  year={2014},
  organization={ACM}
}

@article{banos2014window,
  title={Window size impact in human activity recognition},
  author={Banos, Oresti and Galvez, Juan-Manuel and Damas, Miguel and Pomares, Hector and Rojas, Ignacio},
  journal={Sensors},
  volume={14},
  number={4},
  pages={6474--6499},
  year={2014},
  publisher={Multidisciplinary Digital Publishing Institute}
}

@article{arlot2010survey,
  title={A survey of cross-validation procedures for model selection},
  author={Arlot, Sylvain and Celisse, Alain and others},
  journal={Statistics surveys},
  volume={4},
  pages={40--79},
  year={2010},
  publisher={The author, under a Creative Commons Attribution License}
}


@article{peng2011reproducible,
  title={Reproducible research in computational science},
  author={Peng, Roger D},
  journal={Science},
  volume={334},
  number={6060},
  pages={1226--1227},
  year={2011},
  publisher={American Association for the Advancement of Science}
}

@article{coggeshall2005asset,
  title={Asset Allocation and Long-Term Returns: An Empirical Approach},
  author={Coggeshall, Stephen and Wu, Guowei},
  year={2005}
}

@article{bianchi2010barometric,
  title={Barometric pressure and triaxial accelerometry-based falls event detection},
  author={Bianchi, Federico and Redmond, Stephen J and Narayanan, Michael R and Cerutti, Sergio and Lovell, Nigel H},
  journal={IEEE Transactions on Neural Systems and Rehabilitation Engineering},
  volume={18},
  number={6},
  pages={619--627},
  year={2010},
  publisher={IEEE}
}

@article{chen2014implementing,
  title={Implementing technology-based embedded assessment in the home and community life of individuals aging with disabilities: A participatory research and development study},
  author={Chen, Ke-Yu and Harniss, Mark and Patel, Shwetak and Johnson, Kurt},
  journal={Disability and Rehabilitation: Assistive Technology},
  volume={9},
  number={2},
  pages={112--120},
  year={2014},
  publisher={Taylor \& Francis}
}


@inproceedings{sousa2017comparative,
  title={A Comparative Analysis of the Impact of Features on Human Activity Recognition with Smartphone Sensors},
  author={Sousa, Wesllen and Souto, Eduardo and Rodrigres, Jonatas and Sadarc, Pedro and Jalali, Roozbeh and El-Khatib, Khalil},
  booktitle={Proceedings of the 23rd Brazillian Symposium on Multimedia and the Web},
  pages={397--404},
  year={2017},
  organization={ACM}
}


@misc{trevor2009elements,
  title={The elements of statistical learning: data mining, inference, and prediction},
  author={Trevor, Hastie and Robert, Tibshirani and JH, Friedman},
  year={2009},
  publisher={New York, NY: Springer}
}

@article{janidarmian2017comprehensive,
  title={A comprehensive analysis on wearable acceleration sensors in human activity recognition},
  author={Janidarmian, Majid and Roshan Fekr, Atena and Radecka, Katarzyna and Zilic, Zeljko},
  journal={Sensors},
  volume={17},
  number={3},
  pages={529},
  year={2017},
  publisher={Multidisciplinary Digital Publishing Institute}
}

@book{labrador2013human,
  title={Human activity recognition: Using wearable sensors and smartphones},
  author={Labrador, Miguel A and Yejas, Oscar D Lara},
  year={2013},
  publisher={Chapman and Hall/CRC}
}

@article{al2019deep,
  title={A Deep-Learning Model for Subject-Independent Human Emotion Recognition Using Electrodermal Activity Sensors},
  author={Al Machot, Fadi and Elmachot, Ali and Ali, Mouhannad and Al Machot, Elyan and Kyamakya, Kyandoghere},
  journal={Sensors},
  volume={19},
  number={7},
  pages={1659},
  year={2019},
  publisher={Multidisciplinary Digital Publishing Institute}
}

@inproceedings{keogh2001online,
  title={An online algorithm for segmenting time series},
  author={Keogh, Eamonn and Chu, Selina and Hart, David and Pazzani, Michael},
  booktitle={Proceedings 2001 IEEE International Conference on Data Mining},
  pages={289--296},
  year={2001},
  organization={IEEE}
}

@inproceedings{janidarmian2014automated,
  title={Automated diagnosis of knee pathology using sensory data},
  author={Janidarmian, Majid and Radecka, Katarzyna and Zilic, Zeljko},
  booktitle={2014 4th International Conference on Wireless Mobile Communication and Healthcare-Transforming Healthcare Through Innovations in Mobile and Wireless Technologies (MOBIHEALTH)},
  pages={95--98},
  year={2014},
  organization={IEEE}
}

@article{cover1967nearest,
  title={Nearest neighbor pattern classification},
  author={Cover, Thomas M and Hart, Peter and others},
  journal={IEEE transactions on information theory},
  volume={13},
  number={1},
  pages={21--27},
  year={1967},
  publisher={Menlo Park}
}
######################################
@inproceedings{tapia2007real,
  title={Real-time recognition of physical activities and their intensities using wireless accelerometers and a heart monitor},
  author={Tapia, Emmanuel Munguia and Intille, Stephen S and Haskell, William and Larson, Kent and Wright, Julie and King, Abby and Friedman, Robert},
  booktitle={In: Proc. Int. Symp. on Wearable Comp},
  year={2007},
  organization={Citeseer}
}

@article{lara2012centinela,
  title={Centinela: A human activity recognition system based on acceleration and vital sign data},
  author={Lara, Oscar D and P{\'e}rez, Alfredo J and Labrador, Miguel A and Posada, Jos{\'e} D},
  journal={Pervasive and mobile computing},
  volume={8},
  number={5},
  pages={717--729},
  year={2012},
  publisher={Elsevier}
}

@inproceedings{bao2004activity,
  title={Activity recognition from user-annotated acceleration data},
  author={Bao, Ling and Intille, Stephen S},
  booktitle={International conference on pervasive computing},
  pages={1--17},
  year={2004},
  organization={Springer}
}

@inproceedings{pham2008robust,
  title={Robust dynamic human activity recognition based on relative energy allocation},
  author={Pham, Nam and Abdelzaher, Tarek},
  booktitle={International Conference on Distributed Computing in Sensor Systems},
  pages={525--530},
  year={2008},
  organization={Springer}
}

################################
@article{reddy2010using,
  title={Using mobile phones to determine transportation modes},
  author={Reddy, Sasank and Mun, Min and Burke, Jeff and Estrin, Deborah and Hansen, Mark and Srivastava, Mani},
  journal={ACM Transactions on Sensor Networks (TOSN)},
  volume={6},
  number={2},
  pages={13},
  year={2010},
  publisher={ACM}
}
@inproceedings{cheng2010active,
  title={Active capacitive sensing: Exploring a new wearable sensing modality for activity recognition},
  author={Cheng, Jingyuan and Amft, Oliver and Lukowicz, Paul},
  booktitle={International conference on pervasive computing},
  pages={319--336},
  year={2010},
  organization={Springer}
}

@inproceedings{minnen2007recognizing,
  title={Recognizing soldier activities in the field},
  author={Minnen, David and Westeyn, Tracy and Ashbrook, Daniel and Presti, Peter and Starner, Thad},
  booktitle={4th International workshop on wearable and implantable body sensor networks (BSN 2007)},
  pages={236--241},
  year={2007},
  organization={Springer}
}
@inproceedings{altun2010human,
  title={Human activity recognition using inertial/magnetic sensor units},
  author={Altun, Kerem and Barshan, Billur},
  booktitle={International workshop on human behavior understanding},
  pages={38--51},
  year={2010},
  organization={Springer}
}

@article{lara2012survey,
  title={A survey on human activity recognition using wearable sensors},
  author={Lara, Oscar D and Labrador, Miguel A},
  journal={IEEE communications surveys \& tutorials},
  volume={15},
  number={3},
  pages={1192--1209},
  year={2012},
  publisher={IEEE}
}