@inproceedings{banos2012benchmark,
  title={A benchmark dataset to evaluate sensor displacement in activity recognition},
  author={Ba{\~n}os, Oresti and Damas, Miguel and Pomares, H{\'e}ctor and Rojas, Ignacio and T{\'o}th, M{\'a}t{\'e} Attila and Amft, Oliver},
  booktitle={Proceedings of the 2012 ACM Conference on Ubiquitous Computing},
  pages={1026--1035},
  year={2012},
  organization={ACM}
}

@inproceedings{morris2014recofit,
  title={RecoFit: using a wearable sensor to find, recognize, and count repetitive exercises},
  author={Morris, Dan and Saponas, T Scott and Guillory, Andrew and Kelner, Ilya},
  booktitle={Proceedings of the SIGCHI Conference on Human Factors in Computing Systems},
  pages={3225--3234},
  year={2014},
  organization={ACM}
}

@article{banos2014window,
  title={Window size impact in human activity recognition},
  author={Banos, Oresti and Galvez, Juan-Manuel and Damas, Miguel and Pomares, Hector and Rojas, Ignacio},
  journal={Sensors},
  volume={14},
  number={4},
  pages={6474--6499},
  year={2014},
  publisher={Multidisciplinary Digital Publishing Institute}
}

@article{arlot2010survey,
  title={A survey of cross-validation procedures for model selection},
  author={Arlot, Sylvain and Celisse, Alain and others},
  journal={Statistics surveys},
  volume={4},
  pages={40--79},
  year={2010},
  publisher={The author, under a Creative Commons Attribution License}
}

@book{gilks1995markov,
  title={Markov chain Monte Carlo in practice},
  author={Gilks, Walter R and Richardson, Sylvia and Spiegelhalter, David},
  year={1995},
  publisher={CRC press}
}

