@article{bulling2014tutorial,
  title={A tutorial on human activity recognition using body-worn inertial sensors},
  author={Bulling, Andreas and Blanke, Ulf and Schiele, Bernt},
  journal={ACM Computing Surveys (CSUR)},
  volume={46},
  number={3},
  pages={33},
  year={2014},
  publisher={ACM}
}

@article{lara2013survey,
  title={A survey on human activity recognition using wearable sensors.},
  author={Lara, Oscar D and Labrador, Miguel A and others},
  journal={IEEE Communications Surveys and Tutorials},
  volume={15},
  number={3},
  pages={1192--1209},
  year={2013}
}

@article{najafi2003ambulatory,
  title={Ambulatory system for human motion analysis using a kinematic sensor: monitoring of daily physical activity in the elderly},
  author={Najafi, Bijan and Aminian, Kamiar and Paraschiv-Ionescu, Anisoara and Loew, Fran{\c{c}}ois and Bula, Christophe J and Robert, Philippe},
  journal={IEEE Transactions on biomedical Engineering},
  volume={50},
  number={6},
  pages={711--723},
  year={2003},
  publisher={IEEE}
}

@article{selles2005automated,
  title={Automated estimation of initial and terminal contact timing using accelerometers; development and validation in transtibial amputees and controls},
  author={Selles, Ruud W and Formanoy, Margriet AG and Bussmann, Johannes BJ and Janssens, Peter J and Stam, Henk J},
  journal={IEEE transactions on neural systems and rehabilitation engineering},
  volume={13},
  number={1},
  pages={81--88},
  year={2005},
  publisher={IEEE}
}


@inproceedings{banos2012benchmark,
  title={A benchmark dataset to evaluate sensor displacement in activity recognition},
  author={Ba{\~n}os, Oresti and Damas, Miguel and Pomares, H{\'e}ctor and Rojas, Ignacio and T{\'o}th, M{\'a}t{\'e} Attila and Amft, Oliver},
  booktitle={Proceedings of the 2012 ACM Conference on Ubiquitous Computing},
  pages={1026--1035},
  year={2012},
  organization={ACM}
}

@article{pedregosa2011scikit,
  title={Scikit-learn: Machine learning in Python},
  author={Pedregosa, Fabian and Varoquaux, Ga{\"e}l and Gramfort, Alexandre and Michel, Vincent and Thirion, Bertrand and Grisel, Olivier and Blondel, Mathieu and Prettenhofer, Peter and Weiss, Ron and Dubourg, Vincent and others},
  journal={Journal of machine learning research},
  volume={12},
  number={Oct},
  pages={2825--2830},
  year={2011}
}


@inproceedings{morris2014recofit,
  title={RecoFit: using a wearable sensor to find, recognize, and count repetitive exercises},
  author={Morris, Dan and Saponas, T Scott and Guillory, Andrew and Kelner, Ilya},
  booktitle={Proceedings of the SIGCHI Conference on Human Factors in Computing Systems},
  pages={3225--3234},
  year={2014},
  organization={ACM}
}

@article{banos2014window,
  title={Window size impact in human activity recognition},
  author={Banos, Oresti and Galvez, Juan-Manuel and Damas, Miguel and Pomares, Hector and Rojas, Ignacio},
  journal={Sensors},
  volume={14},
  number={4},
  pages={6474--6499},
  year={2014},
  publisher={Multidisciplinary Digital Publishing Institute}
}

@article{arlot2010survey,
  title={A survey of cross-validation procedures for model selection},
  author={Arlot, Sylvain and Celisse, Alain and others},
  journal={Statistics surveys},
  volume={4},
  pages={40--79},
  year={2010},
  publisher={The author, under a Creative Commons Attribution License}
}


@article{peng2011reproducible,
  title={Reproducible research in computational science},
  author={Peng, Roger D},
  journal={Science},
  volume={334},
  number={6060},
  pages={1226--1227},
  year={2011},
  publisher={American Association for the Advancement of Science}
}

@article{coggeshall2005asset,
  title={Asset Allocation and Long-Term Returns: An Empirical Approach},
  author={Coggeshall, Stephen and Wu, Guowei},
  year={2005}
}

@article{bianchi2010barometric,
  title={Barometric pressure and triaxial accelerometry-based falls event detection},
  author={Bianchi, Federico and Redmond, Stephen J and Narayanan, Michael R and Cerutti, Sergio and Lovell, Nigel H},
  journal={IEEE Transactions on Neural Systems and Rehabilitation Engineering},
  volume={18},
  number={6},
  pages={619--627},
  year={2010},
  publisher={IEEE}
}

@article{chen2014implementing,
  title={Implementing technology-based embedded assessment in the home and community life of individuals aging with disabilities: A participatory research and development study},
  author={Chen, Ke-Yu and Harniss, Mark and Patel, Shwetak and Johnson, Kurt},
  journal={Disability and Rehabilitation: Assistive Technology},
  volume={9},
  number={2},
  pages={112--120},
  year={2014},
  publisher={Taylor \& Francis}
}


@inproceedings{sousa2017comparative,
  title={A Comparative Analysis of the Impact of Features on Human Activity Recognition with Smartphone Sensors},
  author={Sousa, Wesllen and Souto, Eduardo and Rodrigres, Jonatas and Sadarc, Pedro and Jalali, Roozbeh and El-Khatib, Khalil},
  booktitle={Proceedings of the 23rd Brazillian Symposium on Multimedia and the Web},
  pages={397--404},
  year={2017},
  organization={ACM}
}


@misc{trevor2009elements,
  title={The elements of statistical learning: data mining, inference, and prediction},
  author={Trevor, Hastie and Robert, Tibshirani and JH, Friedman},
  year={2009},
  publisher={New York, NY: Springer}
}


